@misc{OpenVZ,
	howpublished = {\url{http://openvz.org/Main_Page}},
	title = {Open{VZ} Linux Container},
	note = "[Last accessed October 2014]"
}

@inproceedings{SliceTime,
	author = {Weing\"{a}rtner, Elias and Schmidt, Florian and Lehn, Hendrik Vom and Heer, Tobias and Wehrle, Klaus},
	title = {SliceTime: A Platform for Scalable and Accurate Network Emulation},
	booktitle = {Proceedings of the 8th USENIX Conference on Networked Systems Design and Implementation},
	year = {2011},
	month = {March},
	location = {Boston, MA},
	pages = {253--266},
	numpages = {14},
	publisher = {USENIX Association},
	address = {Berkeley, CA, USA},
}

misc{Mininet,
	howpublished = {\url{http://mininet.org/}},
	title = {Mininet: {A}n instant virtual network on your laptop (or other {PC})},
  	note = "[Last accessed Noverber, 2014]"
}

@article{EstiNet,
	author={Shie-Yuan Wang and Chih-Liang Chou and Chun-Ming Yang}, 
	journal={Communications Magazine, IEEE}, 
	title={EstiNet openflow network simulator and emulator}, 
	year={2013}, 
	month={September}, 
	volume={51}, 
	number={9}, 
	pages={110-117}, 
}

@inproceedings{jin2013parallel,
	author = {Jin, Dong and Nicol, David M.},
	title = {Parallel Simulation of Software Defined Networks},
	booktitle = {Proceedings of the 2013 ACM SIGSIM Conference on Principles of Advanced Discrete Simulation},
	year = {2013},
	month = {May},
	location = {Montreal, Quebec, Canada},
	pages = {91--102},
	numpages = {12},
	publisher = {ACM},
	address = {New York, NY, USA},
}

@misc{S3FWebsite,
	Howpublished = {\url{https://s3f.iti.illinois.edu/}},
	Title = {{S3F/S3FNet: S}impler Scalable Simulation Framework. {University of Illinois at Urbana-Champaign}},
	note = "[Last accessed Noverber 2014]"
}

@inproceedings{jin2012virtual,
	author = {Jin, Dong and Zheng, Yuhao and Zhu, Huaiyu and Nicol, David M. and Winterrowd, Lenhard},
	title = {Virtual Time Integration of Emulation and Parallel Simulation},
	booktitle = {Proceedings of the 2012 ACM/IEEE/SCS 26th Workshop on Principles of Advanced and Distributed Simulation},
	year = {2012},
	month = {May},
	pages = {201--210},
	numpages = {10},
	acmid = {2372597},
	publisher = {IEEE Computer Society},
	address = {Washington, DC, USA},
}

@inproceedings{LaptopSDN,
	author = {Lantz, Bob and Heller, Brandon and McKeown, Nick},
	title = {A Network in a Laptop: Rapid Prototyping for Software-defined Networks},
	booktitle = {Proceedings of the 9th ACM SIGCOMM Workshop on Hot Topics in Networks},
	year = {2010},
	month = {May},
	location = {Monterey, California},
	pages = {1--6},
	articleno = {19},
	numpages = {6},
	publisher = {ACM},
	address = {New York, NY, USA},
}

@inproceedings{ReproNetExprCBE,
	author = {Handigol, Nikhil and Heller, Brandon and Jeyakumar, Vimalkumar and Lantz, Bob and McKeown, Nick},
	title = {Reproducible Network Experiments Using Container-based Emulation},
	booktitle = {Proceedings of the 8th International Conference on Emerging Networking Experiments and Technologies},
	year = {2012},
	month = {December},
	location = {Nice, France},
	pages = {253--264},
	numpages = {12},
	publisher = {ACM},
	address = {New York, NY, USA},
} 

@inproceedings{Frenetic,
	author = {Foster, Nate and Harrison, Rob and Freedman, Michael J. and Monsanto, Christopher and Rexford, Jennifer and Story, Alec and Walker, David},
	title = {Frenetic: A Network Programming Language},
	booktitle = {Proceedings of the 16th ACM SIGPLAN International Conference on Functional Programming},
	year = {2011},
	month = {September},
	location = {Tokyo, Japan},
	pages = {279--291},
	numpages = {13},
	acmid = {2034812},
	publisher = {ACM},
	address = {New York, NY, USA},
} 


@article{AbsNetUpd,
	author = {Reitblatt, Mark and Foster, Nate and Rexford, Jennifer and Schlesinger, Cole and Walker, David},
	title = {Abstractions for Network Update},
	journal = {ACM SIGCOMM Computer Communication Review},
	volume = {42},
	number = {4},
	month = {August},
	year = {2012},
	pages = {323--334},
	numpages = {12},
	publisher = {ACM},
	address = {New York, NY, USA},
} 

@inproceedings{LivMigEntNet,
	author = {Keller, Eric and Ghorbani, Soudeh and Caesar, Matt and Rexford, Jennifer},
	title = {Live Migration of an Entire Network (and Its Hosts)},
	booktitle = {Proceedings of the 11th ACM Workshop on Hot Topics in Networks},
	year = {2012},
	month = {October},
	location = {Redmond, Washington},
	pages = {109--114},
	numpages = {6},
	publisher = {ACM},
	address = {New York, NY, USA},
} 

@article{Openflow,
	Author = {McKeown, Nick and Anderson, Tom and Balakrishnan, Hari and Parulkar, Guru and Peterson, Larry and Rexford, Jennifer and Shenker, Scott and Turner, Jonathan},
	Journal = {ACM SIGCOMM Computer Communication Review},
	Number = {2},
	Title = {OpenFlow: enabling innovation in campus networks},
	Volume = {38},
	Year = {2008},
	MONTH = "April",
	Pages = {69--74},
	Address = {New York, NY, USA},
	Publisher = {ACM}
}

@article{Nox,
	Author = {Gude, Natasha and Koponen, Teemu and Pettit, Justin and Pfaff, Ben and Casado, Mart{\'\i}n and McKeown, Nick and Shenker, Scott},
	Journal = {ACM SIGCOMM Computer Communication Review},
	Number = {3},
	Title = {NOX: towards an operating system for networks},
	Volume = {38},
	Year = {2008},
	MONTH = "July",
	Pages = {105--110},
	Address = {New York, NY, USA},
	Publisher = {ACM}
}

@inproceedings{Emulab,
	author = {Hibler, Mike and Ricci, Robert and Stoller, Leigh and Duerig, Jonathon and Guruprasad, Shashi and Stack, Tim and Webb, Kirk and Lepreau, Jay},
	title = {Large-scale Virtualization in the Emulab Network Testbed},
	booktitle = {Proceedings of the USENIX 2008 Annual Technical Conference},
	year = {2008},
	month = {June},
	location = {Boston, Massachusetts},
	pages = {113--128},
	numpages = {16},
	publisher = {USENIX Association},
	address = {Berkeley, CA, USA},
}

@inproceedings{VINI,
	author = {Bavier, Andy and Feamster, Nick and Huang, Mark and Peterson, Larry and Rexford, Jennifer},
	title = {In VINI Veritas: Realistic and Controlled Network Experimentation},
	booktitle = {Proceedings of the 2006 Conference on Applications, Technologies, Architectures, and Protocols for Computer Communications},
	year = {2006},
	month = {September},
	location = {Pisa, Italy},
	pages = {3--14},
	numpages = {12},
	publisher = {ACM},
	address = {New York, NY, USA},
}

@inproceedings{Hedera,
	author = {Al-Fares, Mohammad and Radhakrishnan, Sivasankar and Raghavan, Barath and Huang, Nelson and Vahdat, Amin},
	title = {Hedera: Dynamic Flow Scheduling for Data Center Networks},
	booktitle = {Proceedings of the 7th USENIX Conference on Networked Systems Design and Implementation},
	year = {2010},
	month = {April},
	location = {San Jose, California},
	pages = {19--33},
	numpages = {1},
	publisher = {USENIX Association},
	address = {Berkeley, CA, USA},
} 

@article{DCTCP,
	author = {Alizadeh, Mohammad and Greenberg, Albert and Maltz, David A. and Padhye, Jitendra and Patel, Parveen and Prabhakar, Balaji and Sengupta, Sudipta and Sridharan, Murari},
	title = {Data Center TCP (DCTCP)},
	booktitle = {Proceedings of the ACM SIGCOMM 2010 Conference},
	year = {2010},
	location = {New Delhi, India},
	pages = {63--74},
	numpages = {12},
	publisher = {ACM},
	address = {New York, NY, USA},
} 

@misc{LXC,
	Howpublished = {\url{https://linuxcontainers.org}},
	Title = {Linux containers},
	note = "[Last accessed December 2014]"
}

@misc{CGroups,
	Howpublished = {\url{https://www.kernel.org/doc/Documentation/cgroups}},
	Title = {CGROUPS},
	note = "[Last accessed December 2014]"
}

@misc{OpenvSwitch,
	Howpublished = {\url{http://openvswitch.org}},
	Title = {Open v{S}witch},
	note = "[Last accessed Noverber 2014]"
}

@misc{VDSO,
	Howpublished = {\url{http://lwn.net/Articles/446528/}},
	Title = {On vsyscalls and the v{DSO}},
	note = "[Last accessed March 2015]"
}

@article{NS-3,
	title={Network simulations with the ns-3 simulator},
	author={Henderson, Thomas R and Lacage, Mathieu and Riley, George F and Dowell, C and Kopena, JB},
	journal={SIGCOMM Demonstration},
	volume={15},
	pages={17},
	year={2008},
	MONTH = "August",
}

@misc{NS-2,
	Howpublished = {\url{http://www.isi.edu/nsnam/ns/}},
	Title = {The {N}etwork {S}imulator - ns-2},
	note = "[Last accessed December 2014]"
}

@misc{PlanetLab,
	Howpublished = {\url{https://www.planet-lab.org/}},
	Title = {PlanetLab: {A}n open platform for developing, deploying and accessing planetary-scale service},
	note = "[Last accessed September 2014]"
}

@misc{ECMP,
	Howpublished = {\url{https://tools.ietf.org/html/rfc2991}},
	Title = {Multipath Issues in Unicast and Multicast Next-Hop Selection},
	note = "[Last accessed March 2015]"
}

@misc{MininetLinkNS3,
	Howpublished = {\url{https://github.com/mininet/mininet/wiki}},
	Title = {Link modeling using ns 3},
	note = "[Last accessed April 2015]"
}

@misc{RipLPox,
	Howpublished = {\url{https://github.com/brandonheller/riplpox}},
	Title = {{RipL-POX (Ripcord-Lite for POX): a simple network controller for OpenFlow-based data centers}},
	note = "[Last accessed March 2015]"
}

@inproceedings{CORE,
	Author = {Ahrenholz, J. and Danilov, C. and Henderson, T.R. and Kim, J.H.},
	Booktitle = {Proceedings of the 2008 IEEE Military Communications Conference},
	title={CORE: A real-time network emulator}, 
	year={2008}, 
	month={Nov}, 
	pages={1-7},
	publisher = {IEEE Computer Society},
	address = {Washington, DC, USA},
}

@inproceedings{S3F,
	author = {Nicol, David M. and Jin, Dong and Zheng, Yuhao},
	title = {S3F: The Scalable Simulation Framework Revisited},
	booktitle = {Proceedings of the Winter Simulation Conference},
	year = {2011},
	month = {December},
	location = {Phoenix, Arizona},
	pages = {3288--3299},
	numpages = {12},
	publisher = {IEEE Computer Society},
	address = {Washington, DC, USA},
}

@inproceedings{VirtTimeOpenVZ,
	author = {Zheng, Yuhao and Nicol, David M.},
	title = {A Virtual Time System for OpenVZ-Based Network Emulations},
	booktitle = {Proceedings of the 2011 IEEE Workshop on Principles of Advanced and Distributed Simulation},
	year = {2011},
	pages = {1--10},
	numpages = {10},
	month = {June},
	publisher = {IEEE Computer Society},
	address = {Washington, DC, USA},
}

@inproceedings{TimeKeeper,
	author = {Lamps, Jereme and Nicol, David M. and Caesar, Matthew},
	title = {TimeKeeper: A Lightweight Virtual Time System for Linux},
	booktitle = {Proceedings of the 2nd ACM SIGSIM/PADS Conference on Principles of Advanced Discrete Simulation},
	year = {2014},
	month = {May},
	location = {Denver, Colorado, USA},
	pages = {179--186},
	numpages = {8},
	publisher = {ACM},
	address = {New York, NY, USA},
}

@misc{Xen,
	Howpublished = {\url{http://www.xenproject.org}},
	Title = {The {X}en Project},
	note = "[Last accessed Noverber 2014]"
}

@misc{FreeBSDJails,
	Howpublished = {\url{http://www.freebsddiary.org/jail-6.php}},
	Title = {Jails under {FreeBSD 6}},
	note = "[Last accessed December 2014]"
}

@misc{LinuxNamespace,
	Howpublished = {\url{http://lwn.net/Articles/531114}},
	Title = {Namespaces in operation, part 1: namespaces overview},
	note = "[Last accessed December 2014]"
}

@misc{ReproNetReserch,
	Howpublished = {\url{https://reproducingnetworkresearch.wordpress.com}},
	Title = {Reproducing network research},
	note = "[Last accessed March 2015]"
}

@article{DieCast,
	author = {Gupta, Diwaker and Vishwanath, Kashi Venkatesh and McNett, Marvin and Vahdat, Amin and Yocum, Ken and Snoeren, Alex and Voelker, Geoffrey M.},
	title = {DieCast: Testing Distributed Systems with an Accurate Scale Model},
	journal = {ACM Transactions on Computer Systems},
	volume = {29},
	number = {2},
	month = {may},
	year = {2011},
	pages = {1--48},
	articleno = {4},
	numpages = {48},
	publisher = {ACM},
	address = {New York, NY, USA},
}

@inproceedings{ToInfinityBeyond,
	author = {Gupta, Diwaker and Yocum, Kenneth and McNett, Marvin and Snoeren, Alex C. and Vahdat, Amin and Voelker, Geoffrey M.},
	title = {To Infinity and Beyond: Time Warped Network Emulation},
	booktitle = {Proceedings of the 20th ACM Symposium on Operating Systems Principles},
	year = {2005},
	month = {October},
	location = {Brighton, United Kingdom},
	pages = {1--2},
	numpages = {2},
	publisher = {ACM},
	address = {New York, NY, USA},
}

@INPROCEEDINGS{TimeJails, 
	author = {Grau, Andreas and Maier, Steffen and Herrmann, Klaus and Rothermel, Kurt},
	title = {Time Jails: A Hybrid Approach to Scalable Network Emulation},
	booktitle = {Proceedings of the 22nd Workshop on Principles of Advanced and Distributed Simulation},
	year = {2008},
	month = {June},
	pages = {7--14},
	numpages = {8},
	publisher = {IEEE Computer Society},
	address = {Washington, DC, USA},
}

@inproceedings{ComparisonVR-VM,
	Author = {Maier, S. and Grau, A. and Weinschrott, H. and Rothermel, K.},
	Booktitle = {Proceedings of 12th IEEE Symposium on Computers and Communications},
	Title = {Scalable Network Emulation: A Comparison of Virtual Routing and Virtual Machines},
	Year = {2007},
	Month = {July},
	Pages = {395-402},
	publisher = {IEEE Computer Society},
	address = {Washington, DC, USA},
}

@inproceedings{RelativisticTime,
	author = {Bergstrom, Craig and Varadarajan, Srinidhi and Back, Godmar},
	title = {The Distributed Open Network Emulator: Using Relativistic Time for Distributed Scalable Simulation},
	booktitle = {Proceedings of the 20th Workshop on Principles of Advanced and Distributed Simulation},
	year = {2006},
	month = {May},
	pages = {19--28},
	numpages = {10},
	publisher = {IEEE Computer Society},
	address = {Washington, DC, USA},
}

@inproceedings{VirtualTimeMachine,
	author = {Liu, Jason and Rangaswami, Raju and Zhao, Ming},
	title = {Model-driven Network Emulation with Virtual Time Machine},
	booktitle = {Proceedings of the Winter Simulation Conference},
	year = {2010},
	month = {December},
	location = {Baltimore, Maryland},
	pages = {688--696},
	numpages = {9},
	publisher = {IEEE Computer Society},
	address = {Washington, DC, USA},
}

@inproceedings{SVEET,
	Author = {Erazo, M.A. and Yue Li and Liu, J.},
	Booktitle = {Proceedings of the 2009 Testbeds and Research Infrastructures for the Development of Networks Communities and Workshops},	Title = {SVEET! a scalable virtualized evaluation environment for TCP},
	Year = {2009},
	Month = {April},
	Pages = {1-10},
	publisher = {IEEE Computer Society},
	address = {Washington, DC, USA},
}

@inproceedings{NtwkEmultAdaptVirtTime,
	author = {Grau, Andreas and Herrmann, Klaus and Rothermel, Kurt},
	title = {Efficient and Scalable Network Emulation Using Adaptive Virtual Time},
	booktitle = {Proceedings of the 18th International Conference on Computer Communications and Networks},
	year = {2009},
	month = {August},
	pages = {1--6},
	numpages = {6},
	publisher = {IEEE Computer Society},
	address = {Washington, DC, USA},
} 

@article{NETapproach,
	Author = {Grau, Andreas and Herrmann, Klaus and Rothermel, Kurt},
	Journal = {Journal of Communications},
	Number = {1},
	Title = {Scalable Network Emulation - The NET Approach},
	Volume = {7},
	Year = {2012},
	MONTH = "January",
	PAGES = "3-16",
	publisher = {JCM Editorial Boards},
	address = {Rowland Heights, CA, USA},
}

@inproceedings{NETbalance,
	Author = {Grau, A. and Herrmann, K. and Rothermel, K.},
	Booktitle = {Proceedings of the 20th International Conference on Computer Communications and Networks},
	Title = {NETbalance: Reducing the Runtime of Network Emulation Using Live Migration},
	Year = {2011},
	MONTH = "July",
	PAGES = "1-6",
	venue = {Maui, HI},
	publisher = {IEEE Computer Society},
	address = {Washington, DC, USA},
}

@inproceedings{TrafficControl,
	Author = {Almesberger, Werner},
	Booktitle = {Proceedings of 5th Annual Linux Expo},
	Title = {{L}inux traffic control: implementation overview},
	Year = {1999},
	MONTH = "April",
	PAGES = "153-164",
}

@techreport{ScaleEffDCN,
	Author = {Vahdat, Amin},
	Institution = {UC San Diego},
	Title = {Scale and Efficiency in Data Center Networks},
	Year = {2009},
}

@misc{power_price,
	Date-Added = {2016-01-23 01:25:33 +0000},
	Date-Modified = {2016-01-23 01:26:31 +0000},
	Howpublished = {\url{https://www.eia.gov/electricity/monthly/epm_table_grapher.cfm?t=epmt_5_3}},
	Note = {[Last accessed January 2016]},
	Title = {Electric Power Monthly}
}

@inproceedings{anonymous,
	Author = {Anonymous},
	Date-Added = {2016-01-22 23:27:08 +0000},
	Date-Modified = {2016-01-22 23:27:36 +0000},
	Title = {Details omitted for double-blind reviewing.}
}

@misc{iit_microgrid,
	Date-Added = {2016-01-22 18:06:34 +0000},
	Date-Modified = {2016-01-22 18:06:34 +0000},
	Howpublished = {\url{http://www.iitmicrogrid.net/microgrid.aspx}},
	Title = {{IIT} Campus Microgrid Project},
	Note = {[Last accessed December 2015}
}

@inproceedings{demu,
	Author = {Zheng, Yuhao and Jin, Dong and Nicol, David M.},
	Booktitle = {Proc. of the 2013 Winter Simulation Conference (WSC)},
	Date-Added = {2016-01-21 06:51:41 +0000},
	Date-Modified = {2016-01-21 06:51:41 +0000},
	Pages = {2996--3007},
	Title = {Impacts of application lookahead on distributed network emulation},
	Year = {2013},
	Bdsk-Url-1 = {http://dx.doi.org/10.1109/WSC.2010.5678988}}

@article{Sun2012,
	Author = {Sun, Huo-Ching and Huang, Yann-Chang},
	Journal = {Procedia Engineering},
	Pages = {1822--1827},
	Title = {{Optimization of Power Scheduling for Energy Management in Smart Homes}},
	Volume = {38},
	Year = {2012}}

@article{Xue2007,
	Author = {Xue, Hui and Jia, Q and Wang, N and Bo, Zhi-qian},
	Journal = {Power Engineering},
	Pages = {848--853},
	Title = {{A dynamic state estimation method with pmu and scada measurement for power systems}},
	Volume = {5},
	Year = {2007}}

@article{Agnetis2013,
	Author = {Agnetis, Alessandro and {De Pascale}, Gianluca and Detti, Paolo and Vicino, Antonio},
	Journal = {IEEE Transactions on Smart Grid},
	Number = {4},
	Pages = {2364--2373},
	Title = {{Load scheduling for household energy consumption optimization}},
	Volume = {4},
	Year = {2013}}

@article{Wang2013,
	Author = {Wang, Shie Yuan and Chou, Chih Liang and Yang, Chun Ming},
	Journal = {IEEE Communications Magazine},
	Number = {September},
	Pages = {110--117},
	Title = {{EstiNet openflow network simulator and emulator}},
	Volume = {51},
	Year = {2013}}

@inproceedings{Lamps:CENS:pads15,
	Address = {New York, NY, USA},
	Author = {Lamps, Jereme and Adam, Vladimir and Nicol, David M. and Caesar, Matthew},
	Booktitle = {Proceedings of the 3rd ACM SIGSIM Conference on Principles of Advanced Discrete Simulation},
	Location = {London, United Kingdom},
	Numpages = {12},
	Pages = {113--124},
	Publisher = {ACM},
	Series = {SIGSIM PADS '15},
	Title = {Conjoining Emulation and Network Simulators on Linux Multiprocessors},
	Year = {2015}}

@inproceedings{Yan:VTS:pads15,
	Acmid = {2769480},
	Address = {New York, NY, USA},
	Author = {Yan, Jiaqi and Jin, Dong},
	Booktitle = {Proceedings of the 3rd ACM SIGSIM Conference on Principles of Advanced Discrete Simulation},
	Doi = {10.1145/2769458.2769480},
	Isbn = {978-1-4503-3583-6},
	Keywords = {linux container, time dilation, virtual time},
	Location = {London, United Kingdom},
	Numpages = {12},
	Pages = {235--246},
	Publisher = {ACM},
	Series = {SIGSIM PADS '15},
	Title = {A Virtual Time System for Linux-container-based Emulation of Software-defined Networks},
	Url = {http://doi.acm.org/10.1145/2769458.2769480},
	Year = {2015},
	Bdsk-Url-1 = {http://doi.acm.org/10.1145/2769458.2769480},
	Bdsk-Url-2 = {http://dx.doi.org/10.1145/2769458.2769480}}

@inproceedings{Yan:VTM:sosr15,
	Address = {New York, NY, USA},
	Articleno = {27},
	Author = {Yan, Jiaqi and Jin, Dong},
	Booktitle = {Proceedings of the 1st ACM SIGCOMM Symposium on Software Defined Networking Research},
	Location = {Santa Clara, California},
	Numpages = {7},
	Pages = {27:1--27:7},
	Publisher = {ACM},
	Series = {SOSR '15},
	Title = {VT-Mininet: Virtual-time-enabled Mininet for Scalable and Accurate Software-Define Network Emulation},
	Year = {2015}}

@inproceedings{Lamps:TK:pads14,
	Address = {New York, NY, USA},
	Author = {Lamps, Jereme and Nicol, David M. and Caesar, Matthew},
	Booktitle = {Proceedings of the 2Nd ACM SIGSIM Conference on Principles of Advanced Discrete Simulation},
	Location = {Denver, Colorado, USA},
	Numpages = {8},
	Pages = {179--186},
	Publisher = {ACM},
	Series = {SIGSIM PADS '14},
	Title = {TimeKeeper: A Lightweight Virtual Time System for Linux},
	Year = {2014}}

@article{Mets2014,
	Author = {Mets, K. and Ojea, J.A. and Develder, C.},
	Doi = {10.1109/SURV.2014.021414.00116},
	Issn = {1553-877X},
	Journal = {Communications Surveys Tutorials, IEEE},
	Keywords = {power system simulation;smart power grids;telecommunication networks;associated ICT infrastructure;combined power-communication simulators;communication network simulation;cost-effective smart grid analysis;electricity grid;multiagent based modeling;power grid;power network simulation;power system simulators;smart grid simulators;Communication networks;Context;Monitoring;Real-time systems;Smart grids;Smart grid;communication network;power system;simulation},
	Month = {Third},
	Number = {3},
	Pages = {1771-1796},
	Title = {Combining Power and Communication Network Simulation for Cost-Effective Smart Grid Analysis},
	Volume = {16},
	Year = {2014},
	Bdsk-Url-1 = {http://dx.doi.org/10.1109/SURV.2014.021414.00116}}

@inproceedings{Goodney2013,
	Author = {Goodney, A. and Kumar, S. and Ravi, A. and Cho, Y.H.},
	Booktitle = {Smart Grid Communications (SmartGridComm), 2013 IEEE International Conference on},
	Doi = {10.1109/SmartGridComm.2013.6687987},
	Keywords = {multicast communication;phasor measurement;smart power grids;software radio;GridStat;IP Multicast;PMU networking;SDN;communications network;flexibly defined network;industry standards;multicast network;multirate network;optimal network utilization;phasor measurement unit;power grid networking;power grid operators;programmability;smart grid;software defined networks;Hardware;IP networks;Phasor measurement units;Ports (Computers);Smart grids;Software},
	Month = {Oct},
	Pages = {378-383},
	Title = {Efficient PMU networking with software defined networks},
	Year = {2013},
	Bdsk-Url-1 = {http://dx.doi.org/10.1109/SmartGridComm.2013.6687987}}

@inproceedings{Kim2014,
	Author = {Young-Jin Kim and Keqiang He and Thottan, M. and Deshpande, J.G.},
	Booktitle = {Smart Grid Communications (SmartGridComm), 2014 IEEE International Conference on},
	Doi = {10.1109/SmartGridComm.2014.7007682},
	Keywords = {computer network management;local area networks;phasor measurement;smart power grids;telecommunication switching;virtual private networks;virtualisation;IEEE 802.1Q;M2M communication networks;OpenFlow;PMU;SDN technology programmability;SDN-enabled Ethernet switches;high-powered sensors;large-scale utility M2M applications;machine-to-machine communications;phasor measurement units;self-configurable utility communications;smart grid roll-out;software-defined networks;utility communication network management;virtual utility network;virtualized utility communications;Control systems;Delays;Phasor measurement units;Ports (Computers);Security;Servers;Smart grids},
	Month = {Nov},
	Pages = {416-421},
	Title = {Virtualized and self-configurable utility communications enabled by software-defined networks},
	Year = {2014},
	Bdsk-Url-1 = {http://dx.doi.org/10.1109/SmartGridComm.2014.7007682}}

@inproceedings{Dong2015,
	Acmid = {2732203},
	Address = {New York, NY, USA},
	Author = {Dong, Xinshu and Lin, Hui and Tan, Rui and Iyer, Ravishankar K. and Kalbarczyk, Zbigniew},
	Booktitle = {Proceedings of the 1st ACM Workshop on Cyber-Physical System Security},
	Doi = {10.1145/2732198.2732203},
	Isbn = {978-1-4503-3448-8},
	Keywords = {cyber-physical systems, cyber-security, resilience, smart grids, software-defined networking},
	Location = {Singapore, Republic of Singapore},
	Numpages = {8},
	Pages = {61--68},
	Publisher = {ACM},
	Series = {CPSS '15},
	Title = {Software-Defined Networking for Smart Grid Resilience: Opportunities and Challenges},
	Url = {http://doi.acm.org/10.1145/2732198.2732203},
	Year = {2015},
	Bdsk-Url-1 = {http://doi.acm.org/10.1145/2732198.2732203},
	Bdsk-Url-2 = {http://dx.doi.org/10.1145/2732198.2732203}}

@inproceedings{Lantz:Mininet:2010,
	Address = {New York, NY, USA},
	Articleno = {19},
	Author = {Lantz, Bob and Heller, Brandon and McKeown, Nick},
	Booktitle = {Proceedings of the 9th ACM SIGCOMM Workshop on Hot Topics in Networks},
	Location = {Monterey, California},
	Numpages = {6},
	Pages = {19:1--19:6},
	Publisher = {ACM},
	Series = {Hotnets-IX},
	Title = {{A Network in a Laptop: Rapid Prototyping for Software-defined Networks}},
	Year = {2010}}

@misc{LWN:Namespace:2013,
	Author = {Michael Kerrisk},
	Howpublished = {\url{https://lwn.net/Articles/531114/}},
	Note = {[Online; accessed 6-Oct-2015]},
	Title = {{Namespaces in operation, part 1: namespaces overview}},
	Year = {2013}}

@inproceedings{Werner:TC:1999,
	Address = {Raleigh, NC},
	Author = {Almesberger, Werner},
	Booktitle = {Proceedings of 5th Annual Linux Expo},
	Pages = {153--164},
	Title = {{L}inux traffic control: implementation overview},
	Year = {1999}}

@misc{iputils,
	Howpublished = {\url{http://www.skbuff.net/iputils/}},
	Note = {[Last accessed November 2015]},
	Title = {iputils}}

@misc{iPerf3,
	Howpublished = {\url{http://software.es.net/iperf}},
	Note = {[Last accessed December 2014]},
	Title = {iperf3}}

@misc{comed,
	Howpublished = {\url{https://hourlypricing.comed.com/live-prices/?date=20151106}},
	Note = {[Last accessed December 2015]},
	Title = {ComEd}}

@misc{energy.gov,
	Howpublished = {\url{http://energy.gov/oe/services/technology-development/smart-grid}},
	Note = {[Last accessed January 2016]},
	Title = {SMART GRID}}

@misc{0mq,
	Howpublished = {\url{http://zeromq.org/}},
	Note = {[Last accessed January 2016]},
	Title = {ZeroMQ}}

@misc{initiative:smartCities,
	Howpublished = {\url{http://tinyurl.com/smart-cities-initiative}},
	Note = {[Last accessed January 2016]},
	Title = {FACT SHEET: Administration Announces New Smart Cities Initiative to Help Communities Tackle Local Challenges and Improve City Services},
	Year = {2015}}

@misc{DSSmanual,
	Author = {Roger C Dugan},
	Company = {Electric Power Research Institute, Inc.},
	Title = {Reference Guide, The Open Distribution System Simulator},
	Year = {2013}}

@misc{openDSS,
	Company = {Electrical Power Research Institute, Inc.},
	Howpublished = {\url{http://sourceforge.net/projects/electricdss}},
	Note = {[Last accessed January 2016]},
	Title = {OpenDSS Program, SOURCEFORGE.NET}}

@inproceedings{Dong:2015,
	Acmid = {2732203},
	Address = {New York, NY, USA},
	Author = {Dong, Xinshu and Lin, Hui and Tan, Rui and Iyer, Ravishankar K. and Kalbarczyk, Zbigniew},
	Booktitle = {Proceedings of the 1st ACM Workshop on Cyber-Physical System Security},
	Doi = {10.1145/2732198.2732203},
	Isbn = {978-1-4503-3448-8},
	Keywords = {cyber-physical systems, cyber-security, resilience, smart grids, software-defined networking},
	Location = {Singapore, Republic of Singapore},
	Numpages = {8},
	Pages = {61--68},
	Publisher = {ACM},
	Series = {CPSS '15},
	Title = {Software-Defined Networking for Smart Grid Resilience: Opportunities and Challenges},
	Url = {http://doi.acm.org/10.1145/2732198.2732203},
	Year = {2015},
	Bdsk-Url-1 = {http://doi.acm.org/10.1145/2732198.2732203},
	Bdsk-Url-2 = {http://dx.doi.org/10.1145/2732198.2732203}}

@article{61850,
	Acmid = {2793822},
	Address = {Tarrytown, NY, USA},
	Author = {Molina, Elias and Jacob, Eduardo and Matias, Jon and Moreira, Naiara and Astarloa, Armando},
	Doi = {10.1016/j.compeleceng.2014.10.016},
	Issn = {0045-7906},
	Issue_Date = {April 2015},
	Journal = {Comput. Electr. Eng.},
	Keywords = {IEC 61850, Monitoring, OpenFlow, Smart Grid, Software Defined Networking, sFlow},
	Month = apr,
	Number = {C},
	Numpages = {13},
	Pages = {142--154},
	Publisher = {Pergamon Press, Inc.},
	Title = {Using Software Defined Networking to Manage and Control IEC 61850-based Systems},
	Url = {http://dx.doi.org/10.1016/j.compeleceng.2014.10.016},
	Volume = {43},
	Year = {2015},
	Bdsk-Url-1 = {http://dx.doi.org/10.1016/j.compeleceng.2014.10.016}}

@article{Sydney2014,
	Author = {Sydney, Ali and Ochs, David S and Scoglio, Caterina and Gruenbacher, Don and Miller, Ruth},
	Journal = {Computer Networks},
	Pages = {5--16},
	Publisher = {Elsevier},
	Title = {Using GENI for experimental evaluation of Software Defined Networking in smart grids},
	Volume = {63},
	Year = {2014}}

@inproceedings{DSSco-sim,
	Author = {Godfrey, T. and Mullen, S. and Dugan, R.C. and Rodine, C. and Griffith, D.W. and Golmie, N.},
	Booktitle = {Smart Grid Communications (SmartGridComm), 2010 First IEEE International Conference on},
	Doi = {10.1109/SMARTGRID.2010.5622057},
	Keywords = {power system control;power system simulation;radiocommunication;smart power grids;distributed storage units;electrical grid;electrical power system;open source event-driven simulator;radio frequency transmission;smart grid control scheme;smart grid modeling;solar photovoltaic array;wireless communication network;Analytical models;Delay;Integrated circuit modeling;Receivers;Regulators;Smart grids;Voltage control},
	Month = {Oct},
	Pages = {291-296},
	Title = {Modeling Smart Grid Applications with Co-Simulation},
	Year = {2010},
	Bdsk-Url-1 = {http://dx.doi.org/10.1109/SMARTGRID.2010.5622057}}

@inproceedings{DSS-RT-HIL,
	Author = {Montenegro, D. and Hernandez, M. and Ramos, G.A.},
	Booktitle = {Transmission and Distribution: Latin America Conference and Exposition (T D-LA), 2012 Sixth IEEE/PES},
	Doi = {10.1109/TDC-LA.2012.6319069},
	Keywords = {IEEE standards;distribution networks;power system simulation;IEEE 13 nodes system;LabVIEW RT software;National Instruments Real Time hardware architectures;OpenDSS capabilities;OpenDSS software;RT-HIL systems;advanced distribution automation;analog signals;digital signals;distributed generation;distribution networks simulation;distribution systems simulation;electric power industry;powerful software platform;real time OpenDSS framework;real time analytical simulation;real time hardware in the loop techniques;testing times;Computational modeling;Computer architecture;Field programmable gate arrays;Hardware;Load flow;Real-time systems;Software;Advanced distribution automation;distribution networks;openDSS;real time;simulation},
	Month = {Sept},
	Pages = {1-5},
	Title = {Real time OpenDSS framework for distribution systems simulation and analysis},
	Year = {2012},
	Bdsk-Url-1 = {http://dx.doi.org/10.1109/TDC-LA.2012.6319069}}

@article{RT-SmartGrid,
	Author = {Dufour, C. and Belanger, J.},
	Doi = {10.1109/TIA.2014.2315507},
	Issn = {0093-9994},
	Journal = {Industry Applications, IEEE Transactions on},
	Keywords = {EMTP;distributed power generation;power distribution control;power generation scheduling;smart power grids;distribution control;large grid renewable integration;large-area protection;load scheduling;microgrids;power balance;power grids;real-time simulation technology;smart grid;wide-area monitoring;Delays;Mathematical model;Phasor measurement units;Protocols;Real-time systems;Smart grids;Voltage control;Distribution grid;HIL;IEC-61850;SSN;electromagnetic transient simulation;hardware-in-the-loop;power-HIL;real-time simulation;relay testing;smart grid},
	Month = {Nov},
	Number = {6},
	Pages = {3963-3970},
	Title = {On the Use of Real-Time Simulation Technology in Smart Grid Research and Development},
	Volume = {50},
	Year = {2014},
	Bdsk-Url-1 = {http://dx.doi.org/10.1109/TIA.2014.2315507}}

@article{GECO,
	Author = {Hua Lin and Veda, S.S. and Shukla, S.S. and Mili, L. and Thorp, J.},
	Doi = {10.1109/TSG.2012.2191805},
	Issn = {1949-3053},
	Journal = {Smart Grid, IEEE Transactions on},
	Keywords = {digital communication;discrete event simulation;power system control;power system interconnection;power system measurement;power system protection;power system simulation;smart power grids;GECO;communication delays;communication infrastructure;communication network;communication network co-simulation framework;communication-based backup distance relay protection scheme;control techniques;digital communication techniques;global event-driven co-simulation framework;interconnected power system;power system co-simulation framework;power system dynamic simulation;power system integration;resilient power system;single distributed cyber-physical system;smart grid;wide area measurements;Communication networks;Mathematical model;Power grids;Power system dynamics;Real time systems;Synchronization;Co-simulation;event-driven;wide area protection and control},
	Month = {Sept},
	Number = {3},
	Pages = {1444-1456},
	Title = {GECO: Global Event-Driven Co-Simulation Framework for Interconnected Power System and Communication Network},
	Volume = {3},
	Year = {2012},
	Bdsk-Url-1 = {http://dx.doi.org/10.1109/TSG.2012.2191805}}

@inproceedings{FNCS,
	Acmid = {2665044},
	Address = {San Diego, CA, USA},
	Articleno = {36},
	Author = {Ciraci, Selim and Daily, Jeff and Fuller, Jason and Fisher, Andrew and Marinovici, Laurentiu and Agarwal, Khushbu},
	Booktitle = {Proceedings of the Symposium on Theory of Modeling \& Simulation - DEVS Integrative},
	Keywords = {co-simulation, high level architecture, optimistic synchronization, speculative execution, time synchronization},
	Location = {Tampa, Florida},
	Numpages = {8},
	Pages = {36:1--36:8},
	Publisher = {Society for Computer Simulation International},
	Series = {DEVS '14},
	Title = {FNCS: A Framework for Power System and Communication Networks Co-simulation},
	Url = {http://dl.acm.org/citation.cfm?id=2665008.2665044},
	Year = {2014},
	Bdsk-Url-1 = {http://dl.acm.org/citation.cfm?id=2665008.2665044}}

@inproceedings{FNCS-algos,
	Author = {Ciraci, S. and Daily, J. and Agarwal, K. and Fuller, J. and Marinovici, L. and Fisher, A.},
	Booktitle = {Modelling, Analysis Simulation of Computer and Telecommunication Systems (MASCOTS), 2014 IEEE 22nd International Symposium on},
	Doi = {10.1109/MASCOTS.2014.51},
	Issn = {1526-7539},
	Keywords = {power system control;smart power grids;synchronisation;telecommunication networks;active set conservative;communication network;conservative algorithm;cooperative simulation;information exchange;power grid;reactive conservative;resilient control;smart grid deployment;time synchronization overhead reduction;Algorithm design and analysis;Communication networks;Computational modeling;Heuristic algorithms;Smart grids;Synchronization;co-simulation;smart grid;synchronization algorithms},
	Month = {Sept},
	Pages = {355-364},
	Title = {Synchronization Algorithms for Co-simulation of Power Grid and Communication Networks},
	Year = {2014},
	Bdsk-Url-1 = {http://dx.doi.org/10.1109/MASCOTS.2014.51}}

@article{EPOCHS,
	Author = {Hopkinson, K. and Xiaoru Wang and Giovanini, R. and Thorp, J. and Birman, K. and Coury, D.},
	Doi = {10.1109/TPWRS.2006.873129},
	Issn = {0885-8950},
	Journal = {Power Systems, IEEE Transactions on},
	Keywords = {power system simulation;software agents;software packages;agents;commercial off-the-shelf components;electric power and communication simulation;electric power simulation tools;large regional power pools;power grids;Communication system control;Computational modeling;Control system synthesis;Industrial power systems;Power markets;Power system control;Power system modeling;Power system protection;Power system simulation;Power systems;Agents;commercial off-the-shelf (COTS) integration;networking;power systems evaluation;simulation},
	Month = {May},
	Number = {2},
	Pages = {548-558},
	Title = {EPOCHS: a platform for agent-based electric power and communication simulation built from commercial off-the-shelf components},
	Volume = {21},
	Year = {2006},
	Bdsk-Url-1 = {http://dx.doi.org/10.1109/TPWRS.2006.873129}}

@inproceedings{load-sched,
	Author = {Sood, V.K. and Fischer, D. and Eklund, J.M. and Brown, T.},
	Booktitle = {Electrical Power Energy Conference (EPEC), 2009 IEEE},
	Doi = {10.1109/EPEC.2009.5420809},
	Keywords = {distributed power generation;smart power grids;DG availability;DG islanding;data communication system;distributed generation interconnection;electric power system;power distribution;power generation;power transmission;smart grid;Aging;Data communication;Distributed control;Electric vehicles;Home appliances;Intelligent sensors;Mesh generation;Smart grids;Solar power generation;Wind energy generation;Distributed Generation;Islanding;Smart Grid},
	Month = {Oct},
	Pages = {1-7},
	Title = {Developing a communication infrastructure for the Smart Grid},
	Year = {2009},
	Bdsk-Url-1 = {http://dx.doi.org/10.1109/EPEC.2009.5420809}}

@misc{Clockevent,
	Author = "Jonathan Corbet",
	Howpublished = {\url{http://lwn.net/Articles/223185}},
	Note = {[Last accessed December 2015]},
	Title = {{Clockevents and dyntick}}}

@misc{Hrtimer,
	Author = "Jonathan Corbet",
	Howpublished = {\url{http://lwn.net/Articles/167897}},
	Note = {[Last accessed December 2015]},
	Title = {{The high-resolution timer API}}}

@techreport{Netem,
	Address = {Tor Vergata},
	Author = {Salsano, S and Ludovici, F and Ordine, A and Giannuzzi, D},
	Institution = {University of Rome},
	Number = {60},
	Title = {{Definition of a general and intuitive loss model for packet networks and its implementation in the Netem module in the Linux kernel}},
	Year = {2009}}

@book{ULK,
	Author = {Bovet, Daniel and Cesati Marco},
	Edition = {3},
	Publisher = {O'Reilly},
	Title = {{Understanding the Linux Kernel}},
	Year = {2005}}

@inproceedings{comm-inf,
	Author = {Sood, V.K. and Fischer, D. and Eklund, J.M. and Brown, T.},
	Booktitle = {Electrical Power Energy Conference (EPEC), 2009 IEEE},
	Doi = {10.1109/EPEC.2009.5420809},
	Keywords = {distributed power generation;smart power grids;DG availability;DG islanding;data communication system;distributed generation interconnection;electric power system;power distribution;power generation;power transmission;smart grid;Aging;Data communication;Distributed control;Electric vehicles;Home appliances;Intelligent sensors;Mesh generation;Smart grids;Solar power generation;Wind energy generation;Distributed Generation;Islanding;Smart Grid},
	Month = {Oct},
	Pages = {1-7},
	Title = {Developing a communication infrastructure for the Smart Grid},
	Year = {2009},
}

@inproceedings{NetPlumber2013,
	Acmid = {2482638},
	Address = {Berkeley, CA, USA},
	Author = {Kazemian, Peyman and Chang, Michael and Zeng, Hongyi and Varghese, George and McKeown, Nick and Whyte, Scott},
	Booktitle = {Proceedings of the 10th USENIX Conference on Networked Systems Design and Implementation},
	Location = {Lombard, IL},
	Numpages = {14},
	Pages = {99--112},
	Publisher = {USENIX Association},
	Series = {NSDI'13},
	Title = {Real time network policy checking using header space analysis},
	Year = {2013},
	Bdsk-Url-1 = {http://dl.acm.org/citation.cfm?id=2482626.2482638},
}

@inproceedings{xz+05,
	Author = {Xie, Geoffrey G and Zhan, Jibin and Maltz, David A and Zhang, Hui and Greenberg, Albert and Hjalmtysson, Gisli and Rexford, Jennifer},
	Booktitle = {Proceedings of the 24th Annual Joint Conference of the IEEE Computer and Communications Societies (INFOCOM)},
	Date-Added = {2017-02-03 01:14:06 +0000},
	Date-Modified = {2017-02-03 01:14:06 +0000},
	Month = {March},
	Organization = {IEEE},
	Pages = {2170--2183},
	Title = {On static reachability analysis of {IP} networks},
	Volume = {3},
	Year = {2005},
}

@inproceedings{Anteater2011,
	Acmid = {2018470},
	Address = {New York, NY, USA},
	Author = {Mai, Haohui and Khurshid, Ahmed and Agarwal, Rachit and Caesar, Matthew and Godfrey, P. Brighten and King, Samuel Talmadge},
	Booktitle = {Proceedings of ACM SIGCOMM Computer Communication Review},
	Date-Added = {2017-02-03 01:13:38 +0000},
	Date-Modified = {2017-02-03 01:13:38 +0000},
	Doi = {10.1145/2018436.2018470},
	Isbn = {978-1-4503-0797-0},
	Keywords = {boolean satisfiability, data plane analysis, network troubleshooting},
	Location = {Toronto, Ontario, Canada},
	Numpages = {12},
	Pages = {290--301},
	Publisher = {ACM},
	Series = {SIGCOMM'11},
	Title = {Debugging the data plane with anteater},
	Url = {http://doi.acm.org/10.1145/2018436.2018470},
	Year = {2011},
	Bdsk-Url-1 = {http://doi.acm.org/10.1145/2018436.2018470},
	Bdsk-Url-2 = {http://dx.doi.org/10.1145/2018436.2018470}}

@inproceedings{Al-Shaer2009,
	Author = {Ehab Al-Shaer and Will Marrero and Adel El-Atawy and Khalid ElBadawi},
	Booktitle = {Proceedings of the 17th IEEE International Conference on Network Protocols (ICNP)},
	Date-Added = {2017-02-03 01:12:35 +0000},
	Date-Modified = {2017-02-03 01:12:35 +0000},
	Pages = {123--132},
	Title = {{Network configuration in a box: Towards} End-to-End Verification of Network Reachability and Security},
	Year = {2009}}

@inproceedings{Al-Shaer2010,
	Author = {Ehab Al-Shaer and Saeed Al-Haj},
	Booktitle = {Proceedings of the 3rd ACM Workshop on Assurable and Usable Security Configuration (SafeConfig)},
	Date-Added = {2017-02-03 01:11:56 +0000},
	Date-Modified = {2017-02-03 01:11:56 +0000},
	Pages = {37--44},
	Title = {{FlowChecker: Configuration} analysis and verification of federated {OpenFlow} infrastructures},
	Year = {2010}}

@inproceedings{OneBigSwitchAbstraction,
	Address = {New York, NY, USA},
	Author = {Kang, Nanxi and Liu, Zhenming and Rexford, Jennifer and Walker, David},
	Booktitle = {Proceedings of the Ninth ACM Conference on Emerging Networking Experiments and Technologies},
	Date-Modified = {2017-01-31 17:45:08 +0000},
	Isbn = {978-1-4503-2101-3},
	Keywords = {network virtualization, software-defined networks},
	Location = {Santa Barbara, California, USA},
	Numpages = {12},
	Pages = {13--24},
	Publisher = {ACM},
	Series = {CoNEXT '13},
	Title = {Optimizing the ``One Big Switch" Abstraction in Software-defined Networks},
	Year = {2013}}

@inproceedings{Veriflow,
	Address = {Lombard, IL},
	Author = {Ahmed Khurshid and Xuan Zou and Wenxuan Zhou and Matthew Caesar and P. Brighten Godfrey},
	Booktitle = {Proceedings of the 10th USENIX Symposium on Networked Systems Design and Implementation},
	Date-Modified = {2017-01-31 17:47:12 +0000},
	Pages = {15--27},
	Series = {NSDI'13},
	Title = {VeriFlow: Verifying Network-Wide Invariants in Real Time},
	Year = {2013}}

@misc{SplitDisjointInterval,
	Howpublished = {\url{http://stackoverflow.com/questions/4322649/range-splitting-problem}},
	Note = {Accessed: 2016-12-20},
	Title = {Range splitting problem}}

@misc{NS3,
	Howpublished = {\url{https://www.nsnam.org}},
	Note = {Accessed: 2016-12-29},
	Title = {ns-3}}

@misc{Pox,
	Howpublished = {\url{https://github.com/noxrepo/pox}},
	Note = {Accessed: 2016-12-31},
	Title = {{The POX controller}}}

@misc{OPNET,
	Date-Modified = {2017-01-31 17:37:05 +0000},
	Howpublished = {\url{https://www.youtube.com/watch?v=MPpu8blePfc}},
	Note = {Accessed: 2016-12-29},
	Title = {SOFTWARE DEFINED NETWORK {OPNET} SIMULATION {SDN}}}

@misc{FindIntersectionWiki,
	Howpublished = {\url{https://en.wikipedia.org/wiki/Interval_tree#With_an_interval}},
	Note = {Accessed: 2016-12-20},
	Title = {Interval tree}}

@article{ComputationalGeometryBook,
	Author = {de Berg, Mark and Cheong, Otfried and van Kreveld, Marc and Overmars, Mark},
	Chapter = 10,
	Date-Modified = {2017-01-31 17:40:44 +0000},
	Editor = {Jan Fagerberg and David C. Mowery and Richard R. Nelson},
	Journal = {Computational Geometry},
	Pages = {220--226},
	Publisher = {Springer-Verlag},
	Title = {Interval tree},
	Year = 2008}

@inproceedings{B4,
	Author = {Jain, Sushant and Kumar, Alok and Mandal, Subhasree and Ong, Joon and Poutievski, Leon and Singh, Arjun and Venkata, Subbaiah and Wanderer, Jim and Zhou, Junlan and Zhu, Min and Zolla, Jon and H\"{o}lzle, Urs and Stuart, Stephen and Vahdat, Amin},
	Booktitle = {Proceedings of ACM SIGCOMM},
	Date-Modified = {2017-01-31 17:44:09 +0000},
	Location = {Hong Kong, China},
	Numpages = {12},
	Pages = {3--14},
	Title = {B4: Experience with a Globally-deployed Software Defined Wan},
	Year = {2013}}

@inproceedings{Mininet,
	Address = {New York, NY, USA},
	Author = {Handigol, Nikhil and Heller, Brandon and Jeyakumar, Vimalkumar and Lantz, Bob and McKeown, Nick},
	Booktitle = {Proceedings of the 8th International Conference on Emerging Networking Experiments and Technologies},
	Location = {Nice, France},
	Numpages = {12},
	Pages = {253--264},
	Publisher = {ACM},
	Series = {CoNEXT '12},
	Title = {Reproducible Network Experiments Using Container-based Emulation},
	Year = {2012}}

@article{Meridian,
	Author = {M. Banikazemi and D. Olshefski and A. Shaikh and J. Tracey and G. Wang},
	Date-Modified = {2017-01-31 17:37:28 +0000},
	Journal = {IEEE Communications Magazine},
	Month = {February},
	Number = {2},
	Pages = {120-127},
	Title = {Meridian: an {SDN} platform for cloud network services},
	Volume = {51},
	Year = {2013}}

@inproceedings{SDX,
	Author = {Gupta, Arpit and Vanbever, Laurent and Shahbaz, Muhammad and Donovan, Sean P. and Schlinker, Brandon and Feamster, Nick and Rexford, Jennifer and Shenker, Scott and Clark, Russ and Katz-Bassett, Ethan},
	Booktitle = {Proceedings of ACM SIGCOMM},
	Date-Modified = {2017-01-31 17:43:09 +0000},
	Isbn = {978-1-4503-2836-4},
	Keywords = {BGP, internet exchange point (IXP), software defined networking (SDN)},
	Location = {Chicago, Illinois, USA},
	Numpages = {12},
	Pages = {551--562},
	Title = {{SDX: A} Software Defined Internet Exchange},
	Year = {2014}}

@inproceedings{FSSDN,
	Address = {New York, NY, USA},
	Author = {Gupta, Mukta and Sommers, Joel and Barford, Paul},
	Booktitle = {Proceedings of the Second ACM SIGCOMM Workshop on Hot Topics in Software Defined Networking},
	Location = {Hong Kong, China},
	Numpages = {6},
	Pages = {31--36},
	Publisher = {ACM},
	Series = {HotSDN '13},
	Title = {Fast, Accurate Simulation for SDN Prototyping},
	Year = {2013}}

@inproceedings{OpenNet,
	Author = {M. C. Chan and C. Chen and J. X. Huang and T. Kuo and L. H. Yen and C. C. Tseng},
	Booktitle = {Proceedings of the 2014 IEEE Wireless Communications and Networking Conference (WCNC)},
	Date-Modified = {2017-01-31 17:38:33 +0000},
	Issn = {1525-3511},
	Month = {April},
	Pages = {3332-3336},
	Title = {{OpenNet: A} simulator for software-defined wireless local area network},
	Year = {2014}}

@article{AlphaGo,
  title={{Mastering the game of Go with deep neural networks and tree search}},
  author={Silver, David and Huang, Aja and Maddison, Chris J and Guez, Arthur and Sifre, Laurent and Van Den Driessche, George and Schrittwieser, Julian and Antonoglou, Ioannis and Panneershelvam, Veda and Lanctot, Marc and others},
  journal={Nature},
  volume={529},
  number={7587},
  pages={484--489},
  year={2016},
  publisher={Nature Research}
}

@article{SpeechDNN,
  title={Deep Neural Networks for Acoustic Modeling in Speech Recognition: The Shared Views of Four Research Groups},
  author={Hinton, Geoffrey and Deng, Li and Yu, Dong and Dahl, George E and Mohamed, Abdel-rahman and Jaitly, Navdeep and Senior, Andrew and Vanhoucke, Vincent and Nguyen, Patrick and Sainath, Tara N and others},
  journal={IEEE Signal Processing Magazine},
  volume={29},
  number={6},
  pages={82--97},
  year={2012},
  publisher={IEEE}
}

@inproceedings{Word2Vec,
  title={Distributed representations of words and phrases and their compositionality},
  author={Mikolov, Tomas and Sutskever, Ilya and Chen, Kai and Corrado, Greg S and Dean, Jeff},
  booktitle={Advances in Neural Information Processing Systems},
  pages={3111--3119},
  year={2013}
}

@incollection{Backpropagation,
    author = {Rumelhart, David E. and Hinton, Geoffrey E. and Williams, Ronald J.},
    title = {{Learning Representations by Back-propagating Errors}},
    booktitle = {{Neurocomputing: Foundations of Research}},
    year = {1988},
    pages = {696--699},
    numpages = {4},
    publisher = {MIT Press},
    address = {Cambridge, MA, USA},
}

@INPROCEEDINGS{NSL-KDD, 
    author = {M. Tavallaee and E. Bagheri and W. Lu and A. A. Ghorbani}, 
    booktitle = {2009 IEEE Symposium on Computational Intelligence for Security and Defense Applications}, 
    title = {{A Detailed Analysis of the KDD CUP 99 Data Set}}, 
    year = {2009}, 
    pages = {1-6}, 
    month = {July},
    location = {Ottawa, ON},
}

@misc{KDDCup,
    Howpublished = {\url{http://kdd.ics.uci.edu/databases/kddcup99/kddcup99.html}},
    Note = {Accessed: 2017-3-10},
    Title = {{KDD Cup 1999 Data}},
}

@misc{OneHotEncoder,
    Howpublished = {\url{http://scikit-learn.org/stable/modules/generated/sklearn.preprocessing.OneHotEncoder.html}},
    Note = {Accessed: 2017-3-10},
    Title = {{sklearn.preprocessing.OneHotEncoder}},
}

@misc{ScikitLearnSVM,
    Howpublished = {\url{http://scikit-learn.org/stable/modules/svm.html}},
    Note = {Accessed: 2017-12-10},
    Title = {{1.4. Support Vector Machines}},
}


@misc{UFLDLAutoencoder,
    howpublished = {\url{http://ufldl.stanford.edu/tutorial/unsupervised/Autoencoders/}},
    Note = {Accessed: 2017-3-3},
    Title = {{Autoencoders}},
}

@misc{Snort,
    howpublished = {\url{https://www.snort.org/}},
    Note = {Accessed: 2017-4-15},
    Title = {{SNORT}},
}

@misc{TensorFlow,
    howpublished = {\url{https://www.tensorflow.org/}},
    Note = {Accessed: 2017-4-15},
    Title = {{TensorFlow: An open-source software library for Machine Intelligence}},
}

@misc{NetLearner,
    howpublished = {\url{https://github.com/littlepretty/NetLearner}},
    Note = {Accessed: 2017-7-14},
    Title = {{NetLearner}},
}

@article{DARPA,
    author = {Lippmann, Richard and Haines, Joshua W. and Fried, David J. and Korba, Jonathan and Das, Kumar},
    title = {{The 1999 DARPA Off-line Intrusion Detection Evaluation}},
    journal = {Computer Networks},
    issue_date = {Oct. 2000},
    volume = {34},
    number = {4},
    month = oct,
    year = {2000},
    pages = {579--595},
    numpages = {17},
    publisher = {Elsevier North-Holland, Inc.},
    address = {New York, NY, USA},
} 

@article{Dropout,
    author = {Srivastava, Nitish and Hinton, Geoffrey and Krizhevsky, Alex and Sutskever, Ilya and Salakhutdinov, Ruslan},
    title = {{Dropout: A Simple Way to Prevent Neural Networks from Overfitting}},
    journal = {J. Mach. Learn. Res.},
    issue_date = {January 2014},
    volume = {15},
    number = {1},
    month = jan,
    year = {2014},
    issn = {1532-4435},
    pages = {1929--1958},
    numpages = {30},
    publisher = {JMLR.org},
    keywords = {deep learning, model combination, neural networks, regularization},
} 

@article{BatchNorm,
    author    = {Sergey Ioffe and Christian Szegedy},
    title     = {{Batch Normalization: Accelerating Deep Network Training by Reducing Internal Covariate Shift}},
    journal   = {CoRR},
    volume    = {abs/1502.03167},
    year      = {2015},
    url       = {http://arxiv.org/abs/1502.03167},
    timestamp = {Mon, 02 Mar 2015 14:17:34 +0100},
    biburl    = {http://dblp.uni-trier.de/rec/bib/journals/corr/IoffeS15},
    bibsource = {dblp computer science bibliography, http://dblp.org}
}

@article{DeepLearning,
    title={{Deep learning}},
    author={LeCun, Yann and Bengio, Yoshua and Hinton, Geoffrey},
    journal={Nature},
    volume={521},
    number={7553},
    pages={436--444},
    year={2015},
    publisher={Nature Research}
}

@article{DenoiseAE,
    title={{Stacked Denoising Autoencoders: Learning Useful Representations in a Deep Network with a Local Denoising Criterion}},
    author={Vincent, Pascal and Larochelle, Hugo and Lajoie, Isabelle and Bengio, Yoshua and Manzagol, Pierre-Antoine},
    journal={{Journal of Machine Learning Research}},
    volume={11},
    number={Dec},
    pages={3371--3408},
    year={2010}
}

@inproceedings{SparseAE,
    author = {Raina, Rajat and Battle, Alexis and Lee, Honglak and Packer, Benjamin and Ng, Andrew Y.},
    title = {{Self-taught Learning: Transfer Learning from Unlabeled Data}},
    booktitle = {{Proceedings of the 24th International Conference on Machine Learning}},
    series = {ICML '07},
    year = {2007},
    isbn = {978-1-59593-793-3},
    location = {Corvalis, Oregon, USA},
    pages = {759--766},
    numpages = {8},
    publisher = {ACM},
    address = {New York, NY, USA},
}

@TECHREPORT{RBMTechReport,
    AUTHOR = {Hinton, Geoffrey},
    TITLE = {{A Practical Guide to Training Restricted Boltzmann Machines}},
    NUMBER =        {UTML TR-2010-003},
    INSTITUTION =   {Department of Computer Science, University of Toront},
    ADDRESS =       {6 King's College Rd, Toronto},
    NOTE =          {},
    MONTH =         {August},
    YEAR  =         {2010},
    PAGES =         {20},
}

@inproceedings{STL-NIDS,
    title = {{A Deep Learning Approach for Network Intrusion Detection System}},
    author = {Javaid, Ahmad and Niyaz, Quamar and Sun, Weiqing and Alam, Mansoor},
    booktitle = {{Proceedings of the 9th EAI International Conference on Bio-inspired Information and Communications Technologies, New York, NY, USA}},
    volume = {35},
    pages = {2126--2132},
    year = {2015}
}

@article{TrainCD,
    author = {Hinton, Geoffrey E.},
    title = {{Training Products of Experts by Minimizing Contrastive Divergence}},
    journal = {{Neural Comput.}},
    issue_date = {August 2002},
    volume = {14},
    number = {8},
    month = aug,
    year = {2002},
    issn = {0899-7667},
    pages = {1771--1800},
    numpages = {30},
    publisher = {MIT Press},
    address = {Cambridge, MA, USA},
}

@inproceedings{LOF,
    author = {Breunig, Markus M. and Kriegel, Hans-Peter and Ng, Raymond T. and Sander, J\"{o}rg},
    title = {{LOF: Identifying Density-based Local Outliers}},
    booktitle = {{Proceedings of the 2000 ACM SIGMOD International Conference on Management of Data}},
    series = {SIGMOD '00},
    year = {2000},
    location = {Dallas, Texas, USA},
    pages = {93--104},
    numpages = {12},
    publisher = {ACM},
    address = {New York, NY, USA},
    keywords = {database mining, outlier detection},
}

@inbook{ComparativeAnomalyNIDS,
    author = {Aleksandar Lazarevic and Levent Ertoz and Vipin Kumar and Aysel Ozgur and Jaideep Srivastava},
    title = {{A Comparative Study of Anomaly Detection Schemes in Network Intrusion Detection}},
    booktitle = {{Proceedings of the 2003 SIAM International Conference on Data Mining}},
    chapter = {},
    pages = {25-36},
}

@article{AnomalyDetectionRBM,
    title = {{Network Anomaly Detection with the Restricted Boltzmann Machine }},
    journal = {{Neurocomputing}},
    volume = "122",
    pages = "13--23",
    year = "2013",
    author = "Ugo Fiore and Francesco Palmieri and Aniello Castiglione and Alfredo De Santis",
}

@article{RankingOutliner,
    title = {{Unsupervised Network Intrusion Detection Systems: Detecting the Unknown without Knowledge}},
    journal = {{Computer Communications}},
    volume = "35",
    number = "7",
    pages = "772 - 783",
    year = "2012",
    author = "Pedro Casas and Johan Mazel and Philippe Owezarski",
}

@inproceedings{NB-Tree,
    author = {Kohavi, Ron},
    title = {{Scaling Up the Accuracy of Naive-Bayes Classifiers: A Decision-tree Hybrid}},
    booktitle = {{Proceedings of the Second International Conference on Knowledge Discovery and Data Mining}},
    series = {KDD'96},
    year = {1996},
    location = {Portland, Oregon},
    pages = {202--207},
    numpages = {6},
    publisher = {AAAI Press},
} 

@Inbook{DecisionTree,
    author="Quinlan, J. Ross",
    editor="Michalski, Ryszard S. and Carbonell, Jaime G. and Mitchell, Tom M.",
    title={{Learning Efficient Classification Procedures and Their Application to Chess End Games}},
    booktitle={{Machine Learning: An Artificial Intelligence Approach}},
    year="1983",
    publisher="Springer Berlin Heidelberg",
    address="Berlin, Heidelberg",
    pages="463--482",
}

@Article{SVM,
    author="Cortes, Corinna and Vapnik, Vladimir",
    title={{Support-vector Networks}},
    journal={{"Machine Learning"}},
    year="1995",
    month="Sep",
    day="01",
    volume="20",
    number="3",
    pages="273--297",
}

@ARTICLE{GAN,
    author = {{Goodfellow}, I.~J. and {Pouget-Abadie}, J. and {Mirza}, M. and 
        {Xu}, B. and {Warde-Farley}, D. and {Ozair}, S. and {Courville}, A. and 
        {Bengio}, Y.},
    title = "{Generative Adversarial Networks}",
    journal = {ArXiv e-prints},
    archivePrefix = "arXiv",
    eprint = {1406.2661},
    primaryClass = "stat.ML",
    keywords = {Statistics - Machine Learning, Computer Science - Learning},
    year = 2014,
    month = jun,
    adsurl = {http://adsabs.harvard.edu/abs/2014arXiv1406.2661G},
    adsnote = {Provided by the SAO/NASA Astrophysics Data System}
}

@ARTICLE{AC-GAN,
    author = {{Odena}, A. and {Olah}, C. and {Shlens}, J.},
    title = "{Conditional Image Synthesis With Auxiliary Classifier GANs}",
    journal = {ArXiv e-prints},
    archivePrefix = "arXiv",
    eprint = {1610.09585},
    primaryClass = "stat.ML",
    keywords = {Statistics - Machine Learning, Computer Science - Computer Vision and Pattern Recognition},
    year = 2016,
    month = oct,
    adsurl = {http://adsabs.harvard.edu/abs/2016arXiv161009585O},
    adsnote = {Provided by the SAO/NASA Astrophysics Data System}
}

@ARTICLE{WideDeepModel,
    author = {{Cheng}, H.-T. and {Koc}, L. and {Harmsen}, J. and {Shaked}, T. and 
        {Chandra}, T. and {Aradhye}, H. and {Anderson}, G. and {Corrado}, G. and 
        {Chai}, W. and {Ispir}, M. and {Anil}, R. and {Haque}, Z. and 
        {Hong}, L. and {Jain}, V. and {Liu}, X. and {Shah}, H.},
    title = "{Wide and Deep Learning for Recommender Systems}",
    journal = {ArXiv e-prints},
    archivePrefix = "arXiv",
    eprint = {1606.07792},
    primaryClass = "cs.LG",
    keywords = {Computer Science - Learning, Computer Science - Information Retrieval, Statistics - Machine Learning},
    year = 2016,
    month = jun,
}

@article{UNSW,
    author = {Moustafa, Nour and Slay, Jill},
    title = {{The Evaluation of Network Anomaly Detection Systems: Statistical Analysis of the UNSW-NB15 Data Set and the Comparison with the KDD99 Data Set}},
    journal = {{Inf. Sec. J.: A Global Perspective}},
    issue_date = {2016},
    volume = {25},
    number = {1-3},
    month = apr,
    year = {2016},
    issn = {1939-3555},
    pages = {18--31},
    numpages = {14},
    acmid = {3003117},
    publisher = {Taylor \& Francis, Inc.},
    address = {Bristol, PA, USA},
} 

@article{KSVCR,
    title = {{K-SVCR: A Support Vector Machine for Multi-class Classification}},
    journal = {{Neurocomputing}},
    volume = "55",
    number = "1",
    pages = "57 - 77",
    year = "2003",
    note = "Support Vector Machines",
    author = "Cecilio Angulo and Xavier Parra and Andreu Català",
    keywords = "Multi-classification, Support vector machines, Robustness"
}

@article{RampLossKSVCR,
    author = {Hosseini Bamakan, Seyed Mojtaba and Wang, Huadong and Shi, Yong},
    title = {{Ramp Loss K-Support Vector Classification-Regression; a Robust and Sparse Multi-class Approach to the Intrusion Detection Problem}},
    journal = {{Know.-Based Syst.}},
    issue_date = {June 2017},
    volume = {126},
    number = {C},
    month = jun,
    year = {2017},
    issn = {0950-7051},
    pages = {113--126},
    numpages = {14},
    publisher = {Elsevier Science Publishers B. V.},
    address = {Amsterdam, The Netherlands, The Netherlands},
}

@ARTICLE{GAA-ADS,
    author={N. Moustafa and J. Slay and G. Creech}, 
    journal={{IEEE Transactions on Big Data}}, 
    title={{Novel Geometric Area Analysis Technique for Anomaly Detection using Trapezoidal Area Estimation on Large-Scale Networks}}, 
    year={2017}, 
    volume={PP}, 
    number={99}, 
    pages={1-1},  
    month={June},
}

@inproceedings{Momentum,
    author = {Sutskever, Ilya and Martens, James and Dahl, George and Hinton, Geoffrey},
    title = {{On the Importance of Initialization and Momentum in Deep Learning}},
    booktitle = {Proceedings of the 30th International Conference on International Conference on Machine Learning},
    series = {ICML'13},
    year = {2013},
    location = {Atlanta, GA, USA},
    pages = {III-1139--III-1147},
    publisher = {JMLR.org},
} 

@ARTICLE{Adam,
    author = {{Kingma}, D.~P. and {Ba}, J.},
    title = "{Adam: A Method for Stochastic Optimization}",
    journal = {ArXiv e-prints},
    archivePrefix = "arXiv",
    eprint = {1412.6980},
    primaryClass = "cs.LG",
    keywords = {Computer Science - Learning},
    year = 2014,
    month = dec,
    adsurl = {http://adsabs.harvard.edu/abs/2014arXiv1412.6980K},
    adsnote = {Provided by the SAO/NASA Astrophysics Data System}
}

@article{ImageNet,
    Author = {Olga Russakovsky and Jia Deng and Hao Su and Jonathan Krause and Sanjeev Satheesh and Sean Ma and Zhiheng Huang and Andrej Karpathy and Aditya Khosla and Michael Bernstein and Alexander C. Berg and Li Fei-Fei},
    Title = {{ImageNet Large Scale Visual Recognition Challenge}},
    Year = {2015},
    journal   = {{International Journal of Computer Vision}},
    volume={115},
    number={3},
    pages={211-252}
}

@article{DeepBeliefNets,
    title={{Reducing the Dimensionality of Data with Neural Networks}},
    author={Hinton, Geoffrey E and Salakhutdinov, Ruslan R},
    journal={Science},
    volume={313},
    number={5786},
    pages={504--507},
    year={2006},
    publisher={American Association for the Advancement of Science}
}

@ARTICLE{ResNet,
   author = {{He}, K. and {Zhang}, X. and {Ren}, S. and {Sun}, J.},
    title = "{Deep Residual Learning for Image Recognition}",
  journal = {ArXiv e-prints},
archivePrefix = "arXiv",
   eprint = {1512.03385},
 primaryClass = "cs.CV",
 keywords = {Computer Science - Computer Vision and Pattern Recognition},
     year = 2015,
    month = dec,
}

@ARTICLE{GoogLeNet,
   author = {{Szegedy}, C. and {Liu}, W. and {Jia}, Y. and {Sermanet}, P. and 
	{Reed}, S. and {Anguelov}, D. and {Erhan}, D. and {Vanhoucke}, V. and 
	{Rabinovich}, A.},
    title = "{Going Deeper with Convolutions}",
  journal = {ArXiv e-prints},
archivePrefix = "arXiv",
   eprint = {1409.4842},
 primaryClass = "cs.CV",
 keywords = {Computer Science - Computer Vision and Pattern Recognition},
     year = 2014,
    month = sep,
   adsurl = {http://adsabs.harvard.edu/abs/2014arXiv1409.4842S},
  adsnote = {Provided by the SAO/NASA Astrophysics Data System}
}

@article{AlexNet,
 author = {Krizhevsky, Alex and Sutskever, Ilya and Hinton, Geoffrey E.},
 title = {{ImageNet Classification with Deep Convolutional Neural Networks}},
 journal = {Commun. ACM},
 issue_date = {June 2017},
 volume = {60},
 number = {6},
 month = may,
 year = {2017},
 issn = {0001-0782},
 pages = {84--90},
 numpages = {7},
 publisher = {ACM},
 address = {New York, NY, USA},
} 

@article{ADADELTA,
  author    = {Matthew D. Zeiler},
  title     = {{ADADELTA:} An Adaptive Learning Rate Method},
  journal   = {CoRR},
  volume    = {abs/1212.5701},
  year      = {2012},
  url       = {http://arxiv.org/abs/1212.5701},
  archivePrefix = {arXiv},
  eprint    = {1212.5701},
  timestamp = {Wed, 07 Jun 2017 14:43:02 +0200},
  biburl    = {http://dblp.org/rec/bib/journals/corr/abs-1212-5701},
  bibsource = {dblp computer science bibliography, http://dblp.org}
}

@article{MalConvNvidia,
	Author = {Edward Raff and Jon Barker and Jared Sylvester and Robert Brandon and Bryan Catanzaro and Charles Nicholas},
    archivePrefix = {arXiv},
	Eprint = {1710.09435},
	Month = {10},
	Title = {Malware Detection by Eating a Whole EXE},
	Url = {https://arxiv.org/pdf/1710.09435},
	Year = {2017}
}

@article{GatedConvNet,
	Author = {Yann N. Dauphin and Angela Fan and Michael Auli and David Grangier},
    archivePrefix = {arXiv},
	Eprint = {1612.08083},
	Month = {12},
	Title = {Language Modeling with Gated Convolutional Networks},
	Url = {https://arxiv.org/pdf/1612.08083},
	Year = {2016}
}

@inproceedings{ACFG4BugSearch,
	Author = {Feng, Qian and Zhou, Rundong and Xu, Chengcheng and Cheng, Yao and Testa, Brian and Yin, Heng},
	Booktitle = {Proceedings of the 2016 ACM SIGSAC Conference on Computer and Communications Security - CCS'16},
	Doi = {10.1145/2976749.2978370},
	Isbn = {9781450341394},
	Publisher = {ACM Press},
	Title = {Scalable Graph-based Bug Search for Firmware Images},
	Url = {http://dx.doi.org/10.1145/2976749.2978370},
	Year = {2016}
}

@inproceedings{GraphEmbedSimDetection,
	Author = {Xu, Xiaojun and Liu, Chang and Feng, Qian and Yin, Heng and Song, Le and Song, Dawn},
	Doi = {10.1145/3133956.3134018},
	Isbn = {9781450349468},
	Journal = {Proceedings of the 2017 ACM SIGSAC Conference on Computer and Communications Security - CCS '17},
	Publisher = {ACM Press},
	Rating = {5},
	Title = {Neural Network-based Graph Embedding for Cross-Platform Binary Code Similarity Detection},
	Url = {http://dx.doi.org/10.1145/3133956.3134018},
	Year = {2017}
}

